@book{shaker2016procedural,
    author={Shaker, Noor and Togelius, Julian and Nelson, Mark J.},
    title={Procedural Content Generation in Games: A Textbook and an Overview of Current Research},
    publisher={Springer},
    year={2016}
}

@inproceedings{yoav-pascal,
    author = {Parish, Yoav and Müller, Pascal},
    year = {2001},
    month = {08},
    pages = {301-308},
    title = {Procedural Modeling of Cities},
    volume = {2001},
    journal = {Proceedings of SIGGRAPH},
    doi = {10.1145/1185657.1185716}
}

@online{SpeedTree,
    title = "SpeedTree",
    author = "Interactive Data Visualization Inc.",
    url = "https://store.speedtree.com/",
    urldate = "2020-02-04"
}

@online{CityEngine,
    title = "Esri CityEngine",
    author = "Esri",
    url = "https://www.esri.com/en-us/arcgis/products/esri-cityengine/overview",
    urldate = "2020-02-04"
}


@article{search-based_pcg,
    author={J. Togelius, G. N. Yannakakis, K. O. Stanley and C. Browne},
    title={Search-Based Procedural Content Generation},
    journal = {Applications of Evolutionary Computation},
    publisher={Springer},
    year={2010}
}

% MIT Technology Review is a physical magazine but the article was found on their website
@article{MIT_No_Mans_Sky,
    author = {{Simon Parkin}},
    title = "No Man’s Sky: A Vast Game Crafted by Algorithms",
    url = "https://www.technologyreview.com/s/529136/no-mans-sky-a-vast-game-crafted-by-algorithms/",
    journal = {MIT Technology Review},
    urldate = {2020-02-04},
    month = "July",
    year = "2014"
}

@online{Minecraft_10ys,
    title = "Celebrating 10 Years of Minecraft",
    author = "Persson, Saxs",
    url = "https://news.xbox.com/en-us/2019/05/17/minecraft-ten-years/",
    urldate = "2020-02-04",
    date = "2019-05-17"
}